@article{arxiv2401,
  author = {Author, A. and Author, B.},
  title = {A HPC Co-Scheduler with Reinforcement Learning},
  journal = {arXiv preprint arXiv:2401.09706},
  year = {2024}
}

@article{arxiv2404,
  author = {Author, C. and Author, D.},
  title = {INSPIRIT: Optimizing Heterogeneous Task Scheduling through Adaptive Priority in Task-based Runtime Systems},
  journal = {arXiv preprint arXiv:2404.03226},
  year = {2024}
}

@article{arxiv2404b,
  author = {Author, C. and Author, D.},
  title = {INSPIRIT: Optimizing Heterogeneous Task Scheduling through Adaptive Priority in Task-based Runtime Systems},
  journal = {arXiv preprint arXiv:2404.03226},
  year = {2024}
}

@article{arxiv2404c,
  author = {Author, C. and Author, D.},
  title = {INSPIRIT: Optimizing Heterogeneous Task Scheduling through Adaptive Priority in Task-based Runtime Systems},
  journal = {arXiv preprint arXiv:2404.03226},
  year = {2024}
}

@article{arxiv2403,
  author = {Author, E. and Author, F.},
  title = {LLM Agent Operating System},
  journal = {arXiv preprint arXiv:2403.16971},
  year = {2024}
}

@inproceedings{tianweiz07,
  author = {Zhang, Tianwei and others},
  title = {AutoSched: An Adaptive Self-configured Framework for Scheduling Deep Learning Training Workloads},
  booktitle = {Proceedings of the International Conference on Supercomputing (ICS)},
  year = {2024},
  pages = {1--12}
}

@inproceedings{tianweiz07b,
  author = {Zhang, Tianwei and others},
  title = {AutoSched: An Adaptive Self-configured Framework for Scheduling Deep Learning Training Workloads},
  booktitle = {Proceedings of the International Conference on Supercomputing (ICS)},
  year = {2024},
  pages = {1--12}
}