
% Journals

% First the Full Name is given, then the abbreviation used in the AMS Math
% Reviews, with an indication if it could not be found there.
% Note the 2nd overwrites the 1st, so swap them if you want the full name.

 %{AMS}
 @String{AMSTrans = "American Mathematical Society Translations" }
 @String{AMSTrans = "Amer. Math. Soc. Transl." }
 @String{BullAMS = "Bulletin of the American Mathematical Society" }
 @String{BullAMS = "Bull. Amer. Math. Soc." }
 @String{ProcAMS = "Proceedings of the American Mathematical Society" }
 @String{ProcAMS = "Proc. Amer. Math. Soc." }
 @String{TransAMS = "Transactions of the American Mathematical Society" }
 @String{TransAMS = "Trans. Amer. Math. Soc." }

 %ACM
 @String{CACM = "Communications of the {ACM}" }
 @String{CACM = "Commun. {ACM}" }
 @String{CompServ = "Comput. Surveys" }
 @String{JACM = "J. ACM" }
 @String{ACMMathSoft = "{ACM} Transactions on Mathematical Software" }
 @String{ACMMathSoft = "{ACM} Trans. Math. Software" }
 @String{SIGNUM = "{ACM} {SIGNUM} Newsletter" }
 @String{SIGNUM = "{ACM} {SIGNUM} Newslett." }

 @String{AmerSocio = "American Journal of Sociology" }
 @String{AmerStatAssoc = "Journal of the American Statistical Association" }
 @String{AmerStatAssoc = "J. Amer. Statist. Assoc." }
 @String{ApplMathComp = "Applied Mathematics and Computation" }
 @String{ApplMathComp = "Appl. Math. Comput." }
 @String{AmerMathMonthly = "American Mathematical Monthly" }
 @String{AmerMathMonthly = "Amer. Math. Monthly" }
 @String{BIT = "{BIT}" }
 @String{BritStatPsych = "British Journal of Mathematical and Statistical
          Psychology" }
 @String{BritStatPsych = "Brit. J. Math. Statist. Psych." }
 @String{CanMathBull = "Canadian Mathematical Bulletin" }
 @String{CanMathBull = "Canad. Math. Bull." }
 @String{CompApplMath = "Journal of Computational and Applied Mathematics" }
 @String{CompApplMath = "J. Comput. Appl. Math." }
 @String{CompPhys = "Journal of Computational Physics" }
 @String{CompPhys = "J. Comput. Phys." }
 @String{CompStruct = "Computers and Structures" }
 @String{CompStruct = "Comput. \& Structures" }
 @String{CompJour = "The Computer Journal" }
 @String{CompJour = "Comput. J." }
 @String{CompSysSci = "Journal of Computer and System Sciences" }
 @String{CompSysSci = "J. Comput. System Sci." }
 @String{Computing = "Computing" }
 @String{ContempMath = "Contemporary Mathematics" }
 @String{ContempMath = "Contemp. Math." }
 @String{Crelle = "Crelle's Journal" }
 @String{GiornaleMath = "Giornale di Mathematiche" }
 @String{GiornaleMath = "Giorn. Mat." } % didn't find in AMS MR., ibid.

 %IEEE
 @String{Computer = "{IEEE} Computer" }
 @String{IEEETransComp = "{IEEE} Transactions on Computers" }
 @String{IEEETransComp = "{IEEE} Trans. Comput." }
 @String{IEEETransAC = "{IEEE} Transactions on Automatic Control" }
 @String{IEEETransAC = "{IEEE} Trans. Automat. Control" }
 @String{IEEESpec = "{IEEE} Spectrum" } % didn't find in AMS MR
 @String{ProcIEEE = "Proceedings of the {IEEE}" }
 @String{ProcIEEE = "Proc. {IEEE}" } % didn't find in AMS MR
 @String{IEEETransAeroElec = "{IEEE} Transactions on Aerospace and Electronic
     Systems" }
 @String{IEEETransAeroElec = "{IEEE} Trans. Aerospace Electron. Systems" }

 @String{IMANumerAna = "{IMA} Journal of Numerical Analysis" }
 @String{IMANumerAna = "{IMA} J. Numer. Anal." }
 @String{InfProcLet = "Information Processing Letters" }
 @String{InfProcLet = "Inform. Process. Lett." }
 @String{InstMathApp = "Journal of the Institute of Mathematics and
     its Applications" }
 @String{InstMathApp = "J. Inst. Math. Appl." }
 @String{IntControl = "International Journal of Control" }
 @String{IntControl = "Internat. J. Control" }
 @String{IntNumerEng = "International Journal for Numerical Methods in
     Engineering" }
 @String{IntNumerEng = "Internat. J. Numer. Methods Engrg." }
 @String{IntSuper = "International Journal of Supercomputing Applications" }
 @String{IntSuper = "Internat. J. Supercomputing Applic." } % didn't find
%% in AMS MR
 @String{Kibernetika = "Kibernetika" }
 @String{JResNatBurStand = "Journal of Research of the National Bureau
     of Standards" }
 @String{JResNatBurStand = "J. Res. Nat. Bur. Standards" }
 @String{LinAlgApp = "Linear Algebra and its Applications" }
 @String{LinAlgApp = "Linear Algebra Appl." }
 @String{MathAnaAppl = "Journal of Mathematical Analysis and Applications" }
 @String{MathAnaAppl = "J. Math. Anal. Appl." }
 @String{MathAnnalen = "Mathematische Annalen" }
 @String{MathAnnalen = "Math. Ann." }
 @String{MathPhys = "Journal of Mathematical Physics" }
 @String{MathPhys = "J. Math. Phys." }
 @String{MathComp = "Mathematics of Computation" }
 @String{MathComp = "Math. Comp." }
 @String{MathScand = "Mathematica Scandinavica" }
 @String{MathScand = "Math. Scand." }
 @String{TablesAidsComp = "Mathematical Tables and Other Aids to Computation" }
 @String{TablesAidsComp = "Math. Tables Aids Comput." }
 @String{NumerMath = "Numerische Mathematik" }
 @String{NumerMath = "Numer. Math." }
 @String{PacificMath = "Pacific Journal of Mathematics" }
 @String{PacificMath = "Pacific J. Math." }
 @String{ParDistComp = "Journal of Parallel and Distributed Computing" }
 @String{ParDistComp = "J. Parallel and Distrib. Comput." } % didn't find
%% in AMS MR
 @String{ParComputing = "Parallel Computing" }
 @String{ParComputing = "Parallel Comput." }
 @String{PhilMag = "Philosophical Magazine" }
 @String{PhilMag = "Philos. Mag." }
 @String{ProcNAS = "Proceedings of the National Academy of Sciences
                    of the USA" }
 @String{ProcNAS = "Proc. Nat. Acad. Sci. U. S. A." }
 @String{Psychometrika = "Psychometrika" }
 @String{QuartMath = "Quarterly Journal of Mathematics, Oxford, Series (2)" }
 @String{QuartMath = "Quart. J. Math. Oxford Ser. (2)" }
 @String{QuartApplMath = "Quarterly of Applied Mathematics" }
 @String{QuartApplMath = "Quart. Appl. Math." }
 @String{RevueInstStat = "Review of the International Statisical Institute" }
 @String{RevueInstStat = "Rev. Inst. Internat. Statist." }

 %SIAM
 @String{JSIAM = "Journal of the Society for Industrial and Applied
     Mathematics" }
 @String{JSIAM = "J. Soc. Indust. Appl. Math." }
 @String{JSIAMB = "Journal of the Society for Industrial and Applied
     Mathematics, Series B, Numerical Analysis" }
 @String{JSIAMB = "J. Soc. Indust. Appl. Math. Ser. B Numer. Anal." }
 @String{SIAMAlgMeth = "{SIAM} Journal on Algebraic and Discrete Methods" }
 @String{SIAMAlgMeth = "{SIAM} J. Algebraic Discrete Methods" }
 @String{SIAMAppMath = "{SIAM} Journal on Applied Mathematics" }
 @String{SIAMAppMath = "{SIAM} J. Appl. Math." }
 @String{SIAMComp = "{SIAM} Journal on Computing" }
 @String{SIAMComp = "{SIAM} J. Comput." }
 @String{SIAMMatrix = "{SIAM} Journal on Matrix Analysis and Applications" }
 @String{SIAMMatrix = "{SIAM} J. Matrix Anal. Appl." }
 @String{SIAMNumAnal = "{SIAM} Journal on Numerical Analysis" }
 @String{SIAMNumAnal = "{SIAM} J. Numer. Anal." }
 @String{SIAMReview = "{SIAM} Review" }
 @String{SIAMReview = "{SIAM} Rev." }
 @String{SIAMSciStat = "{SIAM} Journal on Scientific and Statistical
     Computing" }
 @String{SIAMSciStat = "{SIAM} J. Sci. Statist. Comput." }

 @String{SoftPracExp = "Software Practice and Experience" }
 @String{SoftPracExp = "Software Prac. Experience" } % didn't find in AMS MR
 @String{StatScience = "Statistical Science" }
 @String{StatScience = "Statist. Sci." }
 @String{Techno = "Technometrics" }
 @String{USSRCompMathPhys = "{USSR} Computational Mathematics and Mathematical
     Physics" }
 @String{USSRCompMathPhys = "{U. S. S. R.} Comput. Math. and Math. Phys." }
 @String{VLSICompSys = "Journal of {VLSI} and Computer Systems" }
 @String{VLSICompSys = "J. {VLSI} Comput. Syst." }
 @String{ZAngewMathMech = "Zeitschrift fur Angewandte Mathematik und
     Mechanik" }
 @String{ZAngewMathMech = "Z. Angew. Math. Mech." }
 @String{ZAngewMathPhys = "Zeitschrift fur Angewandte Mathematik und Physik" }
 @String{ZAngewMathPhys = "Z. Angew. Math. Phys." }

% Publishers % ================================================= |

 @String{Academic = "Academic Press" }
 @String{ACMPress = "{ACM} Press" }
 @String{AdamHilger = "Adam Hilger" }
 @String{AddisonWesley = "Addison-Wesley" }
 @String{AllynBacon = "Allyn and Bacon" }
 @String{AMS = "American Mathematical Society" }
 @String{Birkhauser = "Birkh{\"a}user" }
 @String{CambridgePress = "Cambridge University Press" }
 @String{Chelsea = "Chelsea" }
 @String{ClaredonPress = "Claredon Press" }
 @String{DoverPub = "Dover Publications" }
 @String{Eyolles = "Eyolles" }
 @String{HoltRinehartWinston = "Holt, Rinehart and Winston" }
 @String{Interscience = "Interscience" }
 @String{JohnsHopkinsPress = "The Johns Hopkins University Press" }
 @String{JohnWileySons = "John Wiley and Sons" }
 @String{Macmillan = "Macmillan" }
 @String{MathWorks = "The Math Works Inc." }
 @String{McGrawHill = "McGraw-Hill" }
 @String{NatBurStd = "National Bureau of Standards" }
 @String{NorthHolland = "North-Holland" }
 @String{OxfordPress = "Oxford University Press" }  %address Oxford or London?
 @String{PergamonPress = "Pergamon Press" }
 @String{PlenumPress = "Plenum Press" }
 @String{PrenticeHall = "Prentice-Hall" }
 @String{SIAMPub = "{SIAM} Publications" }
 @String{Springer = "Springer-Verlag" }
 @String{TexasPress = "University of Texas Press" }
 @String{VanNostrand = "Van Nostrand" }
 @String{WHFreeman = "W. H. Freeman and Co." }

%Entries

@inproceedings{mao2019decima,
  author = {Mao, Hongzi and Schwarzkopf, Malte and Venkatakrishnan, Shaileshh Bojja and Meng, Zili and Alizadeh, Mohammad},
  title = {Learning Scheduling Algorithms for Data Processing Clusters},
  booktitle = {Proceedings of the ACM Special Interest Group on Data Communication (SIGCOMM)},
  year = {2019},
  pages = {270--288}
}

@inproceedings{qiu2020firm,
  author = {Qiu, Haoran and Banerjee, Siddhartha and Jha, Saurabh and Kalyanaraman, Shivaram and Tang, Chuan},
  title = {FIRM: An Intelligent Fine-grained Resource Management Framework for SLO-Oriented Microservices},
  booktitle = {14th USENIX Symposium on Operating Systems Design and Implementation (OSDI)},
  year = {2020},
  pages = {805--825}
}

@article{schedext2024,
  author = {Linux Kernel Community},
  title = {sched\_ext: BPF Scheduler Class},
  journal = {Linux Kernel Documentation},
  year = {2024},
  url = {https://github.com/sched-ext/scx}
}

@article{wong2008cfs,
  author = {Wong, Chee Siang and Tan, Ian and Kumari, Rosalind Deena and Wey, Fun},
  title = {Towards achieving fairness in the Linux scheduler},
  journal = {ACM SIGOPS Operating Systems Review},
  volume = {42},
  number = {5},
  pages = {34--43},
  year = {2008}
}

@inproceedings{mccanne1993bpf,
  author = {McCanne, Steven and Jacobson, Van},
  title = {The BSD Packet Filter: A New Architecture for User-level Packet Capture},
  booktitle = {Proceedings of the USENIX Winter Conference},
  year = {1993},
  pages = {259--269}
}

@book{gregg2019bpf,
  author = {Gregg, Brendan},
  title = {BPF Performance Tools},
  publisher = {Addison-Wesley Professional},
  year = {2019}
}

@article{feitelson2023utilization,
  author = {Feitelson, Dror G.},
  title = {On the importance of workload data for improving scheduling performance},
  journal = {Parallel Processing Letters},
  volume = {33},
  number = {01n02},
  pages = {2340001},
  year = {2023}
}

@article{chen2021codex,
  author = {Chen, Mark and Tworek, Jerry and Jun, Heewoo and Yuan, Qiming and Pinto, Henrique Ponde de Oliveira and Kaplan, Jared and Edwards, Harri and Burda, Yuri and Joseph, Nicholas and Brockman, Greg and others},
  title = {Evaluating large language models trained on code},
  journal = {arXiv preprint arXiv:2107.03374},
  year = {2021}
}

@article{openai2023gpt4,
  author = {OpenAI},
  title = {GPT-4 Technical Report},
  journal = {arXiv preprint arXiv:2303.08774},
  year = {2023}
}

@article{anthropic2024claude,
  author = {Anthropic},
  title = {The Claude 3 Model Family: Opus, Sonnet, Haiku},
  journal = {Anthropic Technical Report},
  year = {2024}
}

@inproceedings{mao2019park,
  author = {Mao, Hongzi and Venkatakrishnan, Shaileshh Bojja and Schwarzkopf, Malte and Alizadeh, Mohammad},
  title = {Park: An Open Platform for Learning-Augmented Computer Systems},
  booktitle = {Advances in Neural Information Processing Systems (NeurIPS)},
  year = {2019}
}

@article{zhang2024mrsch,
  author = {Zhang, Wei and others},
  title = {Multi-Resource Scheduling with Reinforcement Learning},
  journal = {IEEE Transactions on Parallel and Distributed Systems},
  year = {2024}
}

@article{zhang2024aisurvey,
  author = {Zhang, Qian and others},
  title = {AI for Systems: A Survey},
  journal = {ACM Computing Surveys},
  year = {2024}
}

@inproceedings{kraska2018learned,
  author = {Kraska, Tim and Beutel, Alex and Chi, Ed H. and Dean, Jeffrey and Polyzotis, Neoklis},
  title = {The Case for Learned Index Structures},
  booktitle = {Proceedings of the 2018 International Conference on Management of Data (SIGMOD)},
  year = {2018},
  pages = {489--504}
}

@inproceedings{marcus2019neo,
  author = {Marcus, Ryan and Papaemmanouil, Olga},
  title = {Neo: A Learned Query Optimizer},
  booktitle = {Proceedings of the VLDB Endowment},
  volume = {12},
  number = {11},
  year = {2019},
  pages = {1705--1718}
}

@inproceedings{vanaken2017ottertune,
  author = {Van Aken, Dana and Pavlo, Andrew and Gordon, Geoffrey J. and Zhang, Bohan},
  title = {Automatic Database Management System Tuning Through Large-scale Machine Learning},
  booktitle = {Proceedings of the 2017 ACM International Conference on Management of Data (SIGMOD)},
  year = {2017},
  pages = {1009--1024}
}

@article{wang2024llmsys,
  author = {Wang, Hao and others},
  title = {LLMs for System Understanding and Optimization},
  journal = {arXiv preprint},
  year = {2024}
}

@inproceedings{wei2024mapper,
  author = {Wei, Xin and others},
  title = {Automatic Parallel Program Mapper Generation with LLMs},
  booktitle = {Proceedings of ASPLOS},
  year = {2024}
}

@article{mei2024aios,
  author = {Mei, Kai and others},
  title = {AIOS: LLM Agent Operating System},
  journal = {arXiv preprint arXiv:2403.16971},
  year = {2024}
}

@article{arxiv2401,
  author = {Author, A. and Author, B.},
  title = {A HPC Co-Scheduler with Reinforcement Learning},
  journal = {arXiv preprint arXiv:2401.09706},
  year = {2024}
}

@article{arxiv2404,
  author = {Author, C. and Author, D.},
  title = {INSPIRIT: Optimizing Heterogeneous Task Scheduling through Adaptive Priority in Task-based Runtime Systems},
  journal = {arXiv preprint arXiv:2404.03226},
  year = {2024}
}

@article{arxiv2404b,
  author = {Author, C. and Author, D.},
  title = {INSPIRIT: Optimizing Heterogeneous Task Scheduling through Adaptive Priority in Task-based Runtime Systems},
  journal = {arXiv preprint arXiv:2404.03226},
  year = {2024}
}

@article{arxiv2404c,
  author = {Author, C. and Author, D.},
  title = {INSPIRIT: Optimizing Heterogeneous Task Scheduling through Adaptive Priority in Task-based Runtime Systems},
  journal = {arXiv preprint arXiv:2404.03226},
  year = {2024}
}

@article{arxiv2403,
  author = {Author, E. and Author, F.},
  title = {LLM Agent Operating System},
  journal = {arXiv preprint arXiv:2403.16971},
  year = {2024}
}

@inproceedings{tianweiz07,
  author = {Zhang, Tianwei and others},
  title = {AutoSched: An Adaptive Self-configured Framework for Scheduling Deep Learning Training Workloads},
  booktitle = {Proceedings of the International Conference on Supercomputing (ICS)},
  year = {2024},
  pages = {1--12}
}

@inproceedings{tianweiz07b,
  author = {Zhang, Tianwei and others},
  title = {AutoSched: An Adaptive Self-configured Framework for Scheduling Deep Learning Training Workloads},
  booktitle = {Proceedings of the International Conference on Supercomputing (ICS)},
  year = {2024},
  pages = {1--12}
}
